 @article{mos2011,
    author  = {Richard Mosher},
    title   = {Cloud Computing Risks},
    journal = {ISSA Journal},
    year    = {2011},
    pages   = {34-38}
 }

 @article{bro2008,
    author  = {Jon Brodkin},
    title   = {Seven cloud-computing security risks},
    journal = {Network World},
    year    = {2008}
 }

 @article{haa2013,
    author  = {Andreas Haas, Annette Hofmann},
    title   = {Risiken aus Cloud-Computing-Services: Fragen des Risikomanagements und Aspekte der Versicherbarkeit},
    journal = {Econstor},
    year    = {2013}
 }

@BOOK{koe2013,
  AUTHOR       = {Hans-Peter KÃ¶nigs},
  TITLE            ={IT-Risikomanagement mit System},
  PUBLISHER    ={Springer},
  YEAR         = {2013},
  ADDRESS      ={Olsberg, Schweiz},
  ISBN = {978-3-8348-1687-0}
}